%The Bib Entries Go Here
@inproceedings{inproceedings,
author = {Hosameldeen, Osama and BinYuan, Fan},
year = {2022},
month = {05},
pages = {61-66},
title = {A Comprehensive Analysis of Trusted Execution Environments},
doi = {10.1109/ITT56123.2022.9863962}
}